<record><leader>00000cas a22000007a 4500</leader><controlfield tag="001">13000413</controlfield><controlfield tag="008">860110d19171923utuwr ne      0    0eng d</controlfield><datafield ind1=" " ind2=" " tag="010"><subfield code="a">sn 86091005 </subfield></datafield><datafield ind1=" " ind2=" " tag="040"><subfield code="a">UNP</subfield><subfield code="b">eng</subfield><subfield code="c">UNP</subfield><subfield code="d">UBY</subfield><subfield code="d">OCLCQ</subfield><subfield code="d">OCLCF</subfield><subfield code="d">OCLCO</subfield></datafield><datafield ind1=" " ind2=" " tag="042"><subfield code="a">msc</subfield></datafield><datafield ind1=" " ind2=" " tag="043"><subfield code="a">n-us-ut</subfield></datafield><datafield ind1=" " ind2="4" tag="050"><subfield code="a">AN2.U8</subfield><subfield code="b">P39</subfield></datafield><datafield ind1="0" ind2="4" tag="245"><subfield code="a">The Paysonian.</subfield></datafield><datafield ind1=" " ind2=" " tag="260"><subfield code="a">Payson, Utah :</subfield><subfield code="b">Paysonian Pub. Co.,</subfield><subfield code="c">1917-</subfield></datafield><datafield ind1=" " ind2=" " tag="300"><subfield code="a">v. :</subfield><subfield code="b">ill. ;</subfield><subfield code="c">56 cm.</subfield></datafield><datafield ind1=" " ind2=" " tag="310"><subfield code="a">Weekly</subfield></datafield><datafield ind1="0" ind2=" " tag="362"><subfield code="a">Vol. 30, no. 8 (Nov. 1, 1917)-</subfield></datafield><datafield ind1="1" ind2=" " tag="362"><subfield code="a">Ceased in 1923?</subfield><subfield code="z">Cf. NIM, 1948-83.</subfield></datafield><datafield ind1=" " ind2=" " tag="500"><subfield code="a">"A strictly independent representative of Payson and southern Utah County."</subfield></datafield><datafield ind1=" " ind2="0" tag="651"><subfield code="a">Payson (Utah)</subfield><subfield code="v">Newspapers.</subfield></datafield><datafield ind1=" " ind2="0" tag="651"><subfield code="a">Utah County (Utah)</subfield><subfield code="v">Newspapers.</subfield></datafield><datafield ind1=" " ind2="7" tag="655"><subfield code="a">Newspapers.</subfield><subfield code="2">fast</subfield><subfield code="0">(OCoLC)fst01423814</subfield></datafield><datafield ind1=" " ind2="7" tag="651"><subfield code="a">Utah</subfield><subfield code="z">Payson.</subfield><subfield code="2">fast</subfield><subfield code="0">(OCoLC)fst01226773</subfield></datafield><datafield ind1=" " ind2="7" tag="651"><subfield code="a">Utah</subfield><subfield code="z">Utah County.</subfield><subfield code="2">fast</subfield><subfield code="0">(OCoLC)fst01207105</subfield></datafield><datafield ind1=" " ind2=" " tag="752"><subfield code="a">United States</subfield><subfield code="b">Utah</subfield><subfield code="c">Utah</subfield><subfield code="d">Payson.</subfield></datafield><datafield ind1="0" ind2="0" tag="780"><subfield code="t">Globe-header</subfield><subfield code="w">(DLC)sn 86091004</subfield><subfield code="w">(OCoLC)13000380</subfield></datafield><datafield ind1="0" ind2="0" tag="785"><subfield code="t">Payson chronicle (Payson, Utah : 1923)</subfield><subfield code="w">(DLC)sn 86091006</subfield><subfield code="w">(OCoLC)13000439</subfield></datafield></record>